
@Article{	  Cobb_et_al_2017,
  author	= {Alexander R. Cobb and Alison May Hoyt and Laure Gandois
		  and Jangarun Eri and Ren{\'e} Dommain and Abu Salim,
		  Kamariah and Kai, Fuu Ming and Haji Su'ut, Nur Salihah and
		  Charles F. Harvey},
  title		= {How temporal patterns in rainfall determine the
		  geomorphology and carbon fluxes of tropical peatlands},
  journal	= {Proceedings of the National Academy of Sciences of the
		  United States of America},
  year		= 2017,
  volume	= 114,
  issue		= 26,
  pages		= {E5187--E5196},
  doi		= {10.1073/pnas.1701090114}
}

@article{Cobb_and_Harvey_2019,
        doi = {10.1029/2019wr025411},
        year = 2019,
        volume = {55},
        number = {11},
        pages = {9351--9377},
        author = {Alexander R. Cobb and Charles F. Harvey},
        title = {Scalar simulation and parameterization of water table
                  dynamics in tropical peatlands},
        journal = {Water Resources Research}
}
